% Example bibtex file for TISMIR Template

@INPROCEEDINGS{Author:00,
  AUTHOR = {Anna Author},
  TITLE = {The Title of the Conference Paper},
  BOOKTITLE = {Proceedings of the International Symposium
    on Music Information Retrieval},
  PAGES = {000--111},
  YEAR = {2000},
}

@ARTICLE{Someone:10,
  AUTHOR = {A. Someone and B. Someone and C. Someone},
  TITLE = {The Title of the Journal Paper},
  JOURNAL = {Journal of New Music Research},
  VOLUME = {A},
  NUMBER = {B},
  PAGES = {111--222},
  YEAR = {2010},
}

@BOOK{Someone:04,
  AUTHOR = {X. Someone and Y. Someone},
  TITLE = {The Title of the Book},
  PUBLISHER = {Editorial Acme},
  ADDRESS = {Porto},
  YEAR = {2012},
}
